@book{trefethen1997numerical,
    title={Numerical linear algebra},
    author={Trefethen, Lloyd N and Bau III, David},
    volume={50},
    year={1997},
    publisher={Siam}
}

@misc{shewchuk1994introduction,
    title={An introduction to the conjugate gradient method without the agonizing pain},
    author={Shewchuk, Jonathan Richard},
    year={1994},
    publisher={Carnegie-Mellon University. Department of Computer Science}
}
