@book{watkins2010fundamentals,
  title={Fundamentals of Matrix Computations},
  author={Watkins, D.S.},
  isbn={9780470528334},
  lccn={2010001933},
  series={Pure and Applied Mathematics: A Wiley Series of Texts, Monographs and Tracts},
  url={https://books.google.com.br/books?id=d0wbQwAACAAJ},
  year={2010},
  publisher={Wiley}
}
