@book{trefethen1997numerical,
    title={Numerical linear algebra},
    author={Trefethen, Lloyd N and Bau III, David},
    volume={50},
    year={1997},
    publisher={Siam}
}

@misc{shewchuk1994introduction,
    title={An introduction to the conjugate gradient method without the agonizing pain},
    author={Shewchuk, Jonathan Richard},
    year={1994},
    publisher={Carnegie-Mellon University. Department of Computer Science}
} 

@misc {darylmathexchange,
    title = {Matlab code for generating random symmetric positive definite matrix},
    author = {Daryl (http://math.stackexchange.com/users/36034/daryl)},
    howpublished = {Mathematics Stack Exchange},
    note = {URL:http://math.stackexchange.com/q/358092 (version: 2013-04-11)},
    eprint = {http://math.stackexchange.com/q/358092},
    url = {http://math.stackexchange.com/q/358092}
}
